@article{Cahyanto2014AnEE,
  title={An empirical evaluation of the determinants of tourist's hurricane evacuation decision making},
  author={Ignatius Cahyanto and Lori Pennington-Gray and Brijesh Thapa and Sivaramakrishnan Srinivasan and Jorge Villegas and Corene J. Matyas and Spiro K. Kiousis},
  journal={Journal of Destination Marketing and Management},
  year={2014},
  volume={2},
  pages={253-265}
}


@inproceedings{Cahyanto2016StatedPO,
  title={Stated Preferences of Tourists for Evacuating in the Event of a Hurricane},
  author={Ignatius Cahyanto and Lori Pennington-Gray and Sivaramakrishnan Srinivasan and Corene J. Matyas and Jorge Villegas},
  year={2016}
}



@article{Wang2021IncorporatingHF,
  title={Incorporating human factors in emergency evacuation â€“ An overview of behavioral factors and models},
  author={Yi Wang and Miltos Kyriakidis and Vinh N. Dang},
  journal={International journal of disaster risk reduction},
  year={2021},
  volume={60},
  pages={102254}
}