

@article{al2020generalizing,
  title={Generalizing AI: challenges and opportunities for plug and play AI solutions},
  author={Al Ridhawi, Ismaeel and Otoum, Safa and Aloqaily, Moayad},
  journal={IEEE Network},
  volume={35},
  number={1},
  pages={372--379},
  year={2020},
  publisher={IEEE}
}

@article{elayan2021digital,
  title={Digital Twin for Intelligent Context-Aware IoT Healthcare Systems},
  author={Elayan, Haya and Aloqaily, Moayad and Guizani, Mohsen},
  journal={IEEE Internet of Things Journal},
  year={2021},
  publisher={IEEE}
}